<record><leader>00000cas a22000007a 4500</leader><controlfield tag="001">16651943</controlfield><controlfield tag="008">870908c19819999pauwr ne      0    0eng d</controlfield><datafield ind1=" " ind2=" " tag="010"><subfield code="a">sn 87078518 </subfield></datafield><datafield ind1=" " ind2=" " tag="040"><subfield code="a">NPH</subfield><subfield code="b">eng</subfield><subfield code="c">NPH</subfield><subfield code="d">OCLCQ</subfield></datafield><datafield ind1=" " ind2=" " tag="042"><subfield code="a">msc</subfield></datafield><datafield ind1="0" ind2="0" tag="245"><subfield code="a">Reporter advertiser.</subfield></datafield><datafield ind1=" " ind2=" " tag="260"><subfield code="a">Royersford, Pa. :</subfield><subfield code="b">Weekly Advertiser, Inc.,</subfield><subfield code="c">1981-</subfield></datafield><datafield ind1=" " ind2=" " tag="300"><subfield code="a">v.</subfield></datafield><datafield ind1=" " ind2=" " tag="310"><subfield code="a">Weekly</subfield></datafield><datafield ind1="0" ind2=" " tag="362"><subfield code="a">Vol. 1, no. 1 (Aug. 5, 1981)-</subfield></datafield><datafield ind1=" " ind2=" " tag="500"><subfield code="a">"Serving Royersford, Spring City and the Townships of Limerick, Upper Providence, East Vincent and East Coventry."</subfield></datafield><datafield ind1=" " ind2=" " tag="752"><subfield code="a">United States</subfield><subfield code="b">Pennsylvania</subfield><subfield code="c">Montgomery</subfield><subfield code="d">Royersford.</subfield></datafield><datafield ind1=" " ind2=" " tag="752"><subfield code="a">United States</subfield><subfield code="b">Pennsylvania</subfield><subfield code="c">Chester.</subfield></datafield><datafield ind1="0" ind2=" " tag="775"><subfield code="t">Reporter of the Spring-ford area</subfield><subfield code="w">(DLC)sn 87078516</subfield></datafield></record>